@article{chemwiki14,
author = {{University of California, Davis}},
title = {Heat Capacity},
journaltitle = {ChemWiki},
date = {2014-11},
url = {http://chemwiki.ucdavis.edu/Physical_Chemistry/Thermodynamics/Calorimetry/Heat_Capacity},
urldate = {2014-11-25},
}

@online{arduinounorev3,
author = {Arduino},
title  = {Arduino uno},
year   = {2014},
url    = {http://arduino.cc/en/Main/arduinoBoardUno},
urldate = {2014-12-01},
}

@manual{atmega328p,
author = {{Atmel Corporation}},
title = {ATmega48PA / ATmega88PA / ATmega168PA / ATmega328P datasheet},
year = {2009},
urldate = {2014-12-01},
}

@article{thermopedia11,
author = {Moser, Alfred},
title = {BUILDINGS AND HEAT TRANSFER},
journaltitle = {Thermopedia},
date = {2011-02-10},
url = {http://www.thermopedia.com/content/603/},
urldate = {2014-12-02},
}

@article{engineeringtoolbox14,
author = {Unknown},
title = {Radiation Heat Transfer},
journaltitle = {{The Engineering Toolbox}},
date = {2012-05},
url = {http://www.engineeringtoolbox.com/radiation-heat-transfer-d_431.html},
urldate = {2014-12-02},
}

@manual{landisgyrcat14,
author = {{Landis and Gyr}},
title = {2WR5 Catalog Sheet},
year = {2014},
}

@manual{landisgyrser14,
author = {{Landis and Gyr}},
title = {2WR5 Configuration manual},
year = {2014},
}

@article{Bodner1stTherm,
author = {Unknown},
title = {Energy, Enthalpy, and the First Law of Thermodynamics},
journaltitle = {Bodner Research Web},
date = {2014},
url = {http://chemed.chem.purdue.edu/genchem/topicreview/bp/ch21/chemical.php},
urldate = {2014-12-09},
}

@article{ModelsInPhysics,
author = {Roman Frigg},
title = {Models in Physics},
journaltitle = {Routledge Encyclopaedia of Philosophy},
date = {2013-11-23},
url = {http://www.romanfrigg.org/writings/Models_in_Physics_REP.pdf},
urldate = {2014-12-27},
}

@online{HomeWizardAPI,
author = {Manuel van Rijn},
title  = {homewizard-api},
year   = {2012},
url    = {https://github.com/manuelvanrijn/homewizard-api/blob/master/homewizard-api.rb},
urldate = {2014-12-27},
}

@online{PHPintro,
author = {{The PHP Group}},
title  = {What is PHP?},
year   = {2001},
url    = {http://php.net/manual/en/intro-whatis.php},
urldate = {2014-12-28},
}

@online{WhatIsPython,
author = {{The Python Software Foundation}},
title  = {What is Python? Executive Summary},
year   = {2001},
url    = {https://www.python.org/doc/essays/blurb/},
urldate = {2014-12-28},
}

@online{WhatIsMySQL,
author = {{Oracle Corporation}},
title  = {What is MySQL?},
year   = {2015},
url = {http://dev.mysql.com/doc/refman/4.1/en/what-is-mysql.html},
urldate = {2015-01-03},
}

@online{NestInsideOut,
author = {{Nest Labs}},
title = {Inside and Out},
year = {2014},
url = {https://nest.com/thermostat/inside-and-out/},
urldate = {2015-01-21},
}

@patent{Butz1893Temperature,
author = {Butz, A.M.},
title = {Temperature-regulator for electric heaters},
month = {12},
year = {1983},
number = {US 510889 A},
url = {http://www.google.com/patents/US510889},
urldate = {2015-01-21},
}

@article{Hyperphysics98,
author = {Nave, C.R.},
title = {Heat Transfer},
journaltitle = {HyperPhysics - Georgia State University},
year = {1998},
url = {http://hyperphysics.phy-astr.gsu.edu/hbase/thermo/heatra.html},
urldate = {2015-01-21},
}

@online{KNMIseizoensdata,
author = {{Koninklijk Nederlands Meteorologisch Instituut}},
title = {Nader Verklaard Seizoensdata},
year = {2015},
url = {http://www.knmi.nl/cms/content/33516/seizoensdata},
urldate = {2015-01-24},
}

@online{NuonStadsverwarming,
author = {{Nuon}},
title = {Stadswarmtetarieven 2015 Kleinverbruik t/m 100 kW},
year = {2015},
url = {http://www.nuon.nl/Images/standaard-warmte-tarieven8-21954.pdf},
urldate = {2015-01-24},
}

@online{NuonGas,
author = {{Nuon}},
title = {Variabele prijzen standaard gas},
year = {2015},
url = {http://www.nuon.nl/gas/standaard-gas/prijzen.jsp},
urldate = {2015-01-25},
}

@online{RasPiDoc,
author = {{Raspberry Pi Foundation}},
title = {RASPBERRY PI DOCUMENTATION},
year = {2015},
url = {http://www.raspberrypi.org/documentation/},
urldate = {2015-01-27},
}

@online{BananaPiDoc,
author = {{Banana Pi}},
title = {Banana Pi},
year = {2014},
url = {http://www.bananapi.org/p/product.html},
urldate = {2015-01-27},
}

@online{ApacheServer,
author = {{Apache Software Foundation}},
title = {Apache HTTP Server Project},
year = {2014},
url = {http://httpd.apache.org/},
urldate = {2015-01-27},
}

@online{WikiVSApacheNginx,
author = {{WikiVS}},
title = {Apache vs nginx},
year = {2015},
url = {http://www.wikivs.com/wiki/apache_vs_nginx},
urldate = {2015-01-27},
}

@online{nginxWiki,
author = {{WikiVS}},
title = {Apache vs nginx},
year = {2015},
url = {http://wiki.nginx.org/Main},
urldate = {2015-01-27},
}

@book{BinasHeatingValue,
author = {{NVON}},
year = {2008},
title = {BINAS},
chapter = {28A},
}

@online{PIDexplained,
author = {{National Instruments}},
title = {PID Theory Explained},
date = {2011-03-29},
url = {http://www.ni.com/white-paper/3782/en/},
urldate = {2015-01-29},
}





